[gd_scene load_steps=5 format=2]

[ext_resource path="res://assets/fonts/Kenney Future.ttf" type="DynamicFontData" id=1]
[ext_resource path="res://menus/Lobby.gd" type="Script" id=2]

[sub_resource type="DynamicFont" id=1]
size = 24
font_data = ExtResource( 1 )

[sub_resource type="StyleBoxFlat" id=2]

[node name="Lobby" type="Control"]
anchor_right = 1.0
anchor_bottom = 1.0
script = ExtResource( 2 )
__meta__ = {
"_edit_use_anchors_": false
}

[node name="Background" type="Panel" parent="."]
anchor_left = 0.5
anchor_top = 0.5
anchor_right = 0.5
anchor_bottom = 0.5
margin_left = -250.0
margin_top = -150.0
margin_right = 250.0
margin_bottom = 150.0
__meta__ = {
"_edit_use_anchors_": false
}

[node name="VBoxContainer" type="VBoxContainer" parent="Background"]
anchor_left = 0.5
anchor_top = 0.5
anchor_right = 0.5
anchor_bottom = 0.5
margin_left = -200.0
margin_top = -133.5
margin_right = 200.0
margin_bottom = 133.5
custom_constants/separation = 10
alignment = 1
__meta__ = {
"_edit_use_anchors_": false
}

[node name="Title" type="Label" parent="Background/VBoxContainer"]
margin_right = 400.0
margin_bottom = 27.0
custom_fonts/font = SubResource( 1 )
text = "Lobby"
align = 1
__meta__ = {
"_edit_use_anchors_": false
}

[node name="PlayersPanel" type="PanelContainer" parent="Background/VBoxContainer"]
margin_top = 37.0
margin_right = 400.0
margin_bottom = 237.0
rect_min_size = Vector2( 400, 200 )
custom_styles/panel = SubResource( 2 )
__meta__ = {
"_edit_use_anchors_": false
}

[node name="List" type="VBoxContainer" parent="Background/VBoxContainer/PlayersPanel"]
margin_right = 400.0
margin_bottom = 200.0

[node name="Ready" type="Button" parent="Background/VBoxContainer"]
margin_top = 247.0
margin_right = 400.0
margin_bottom = 267.0
toggle_mode = true
text = "Ready"
[connection signal="toggled" from="Background/VBoxContainer/Ready" to="." method="_on_Ready_toggled"]
